
@article{example,
	title = {An example paper},
	volume = {134},
	issn = {00219606},
	url = {http://example.com/paper},
	doi = {doi:00.0000/0.0000000},
	abstract = {Please cite papers that will help the team understand the background of the project and its coding requirements, as well as those that will help the panel judge the impact of the work.},
	number = {00},
	urldate = {2013-01-01},
	journal = {The Journal of Interesting Work},
	author = {Scientist, A and Scholar, T},
	month = jan,
	year = {2013},
	pages = {1-2},
},